http://events.iitgn.ac.in/2017/CLSTL/wp-content/uploads/2017/03/T7_SandeepPathak.pdf