@article{standard2014mqtt,
  title={MQTT version 3.1. 1},
  author={Standard, OASIS},
  journal={URL http://docs. oasis-open. org/mqtt/mqtt/v3},
  volume={1},
  year={2014}
}