@misc{supermetroid:snes,
	Address = {Kyoto, Japan},
	Author = {{Nintendo R\&D1} and {Intelligent Systems}},
	Day = {18},
	Howpublished = {Game [SNES]},
	Month = {April},
	Note = {Nintendo, Kyoto, Japan. Played August 2011.},
	Publisher = {Nintendo},
	Title = {\emph{Super Metroid}},
	Year = {1994}
}
\thanks{$https://circuitdigest.com/microcontroller-projects/arduino-weight-measurement-using-load-cell$}

\thanks{$http://events.iitgn.ac.in/2017/CLSTL/wp-content/uploads/2017/03/T7_SandeepPathak.pdf.$}